@book{Jeffers13,
    author = {James Jeffers and James Reinders},
    title = {{Intel Xeon Phi Coprocessor High-Performance Programming}},
    year = {2013},
    publisher = {Morgan Kaufmann},
    isbn = {9780124104143}
}

@article{Blumofe95,
    author = {Blumofe, Robert D. and Joerg, Christopher F. and Kuszmaul, Bradley C. and Leiserson, Charles E. and Randall, Keith H. and Zhou, Yuli},
    title = {{Cilk: An Efficient Multithreaded Runtime System}},
    journal = {SIGPLAN Not.},
    issue_date = {Aug. 1995},
    volume = {30},
    number = {8},
    month = aug,
    year = {1995},
    issn = {0362-1340},
    pages = {207--216},
    numpages = {10},
    url = {http://doi.acm.org/10.1145/209937.209958},
    doi = {10.1145/209937.209958},
    acmid = {209958},
    publisher = {ACM},
    address = {New York, NY, USA},
}

@article{Frigo98,
    author = {Frigo, Matteo and Leiserson, Charles E. and Randall, Keith H.},
    title = {{The Implementation of the Cilk-5 Multithreaded Language}},
    journal = {SIGPLAN Not.},
    issue_date = {May 1998},
    volume = {33},
    number = {5},
    month = may,
    year = {1998},
    issn = {0362-1340},
    pages = {212--223},
    numpages = {12},
    url = {http://doi.acm.org/10.1145/277652.277725},
    doi = {10.1145/277652.277725},
    acmid = {277725},
    publisher = {ACM},
    address = {New York, NY, USA},
    keywords = {critical path, multithreading, parallel computing, programming language, runtime system, work},
}

@article{Dailey01,
    author = {Don Dailey and Charles E. Leiserson},
    title = {{Using Cilk to Write Multiprocessor Chess Programs}},
    journal = {The Journal of the International Computer Chess Association},
    year = {2001}
}

@article{Olivier12,
    author = {Olivier, Stephen L and Porterfield, Allan K and Wheeler, Kyle B and Spiegel, Michael and Prins, Jan F},
    title = {{OpenMP Task Scheduling Strategies for Multicore NUMA Systems}},
    journal = {Int. J. High Perform. Comput. Appl.},
    issue_date = {May       2012},
    volume = {26},
    number = {2},
    month = may,
    year = {2012},
    issn = {1094-3420},
    pages = {110--124},
    numpages = {15},
    url = {http://dx.doi.org/10.1177/1094342011434065},
    doi = {10.1177/1094342011434065},
    acmid = {2237846},
    publisher = {Sage Publications, Inc.},
    address = {Thousand Oaks, CA, USA},
    keywords = {OpenMP, Task parallelism, multicore, run-time systems, scheduling, work stealing},
}

@incollection{Tousimojarad14,
    title={{Comparison of three popular parallel programming models on the Intel Xeon Phi}},
    author={Tousimojarad, Ashkan and Vanderbauwhede, Wim},
    booktitle={Euro-Par 2014: Parallel Processing Workshops},
    pages={314--325},
    year={2014},
    publisher={Springer International Publishing}
}

@article{Nieuwpoort01,
    author = {van Nieuwpoort, Rob V. and Kielmann, Thilo and Bal, Henri E.},
    title = {{Efficient Load Balancing for Wide-area Divide-and-conquer Applications}},
    journal = {SIGPLAN Not.},
    issue_date = {July 2001},
    volume = {36},
    number = {7},
    month = jun,
    year = {2001},
    issn = {0362-1340},
    pages = {34--43},
    numpages = {10},
    url = {http://doi.acm.org/10.1145/568014.379563},
    doi = {10.1145/568014.379563},
    acmid = {379563},
    publisher = {ACM},
    address = {New York, NY, USA},
    keywords = {Java, clustered wide-area systems, distributed supercomputing},
}

@article{Olivier10,
    year={2010},
    issn={0885-7458},
    journal={International Journal of Parallel Programming},
    volume={38},
    number={5-6},
    doi={10.1007/s10766-010-0140-7},
    title={{Comparison of OpenMP 3.0 and Other Task Parallel Frameworks on Unbalanced Task Graphs}},
    url={http://dx.doi.org/10.1007/s10766-010-0140-7},
    publisher={Springer US},
    keywords={Task parallelism; Run time systems; Load balancing; Performance evaluation; OpenMP},
    author={Olivier, StephenL. and Prins, JanF.},
    pages={341-360},
    language={English}
}

@inproceedings{Olivier09,
    author = {Olivier, Stephen L. and Prins, Jan F.},
    title = {{Evaluating OpenMP 3.0 Run Time Systems on Unbalanced Task Graphs}},
    booktitle = {Proceedings of the 5th International Workshop on OpenMP: Evolving OpenMP in an Age of Extreme Parallelism},
    series = {IWOMP '09},
    year = {2009},
    isbn = {978-3-642-02284-5},
    location = {DresdenG, Germany},
    pages = {63--78},
    numpages = {16},
    url = {http://dx.doi.org/10.1007/978-3-642-02303-3_6},
    doi = {10.1007/978-3-642-02303-3_6},
    acmid = {1567715},
    publisher = {Springer-Verlag},
    address = {Berlin, Heidelberg},
}

@inproceedings{Duran09,
 author = {Duran, Alejandro and Teruel, Xavier and Ferrer, Roger and Martorell, Xavier and Ayguade, Eduard},
 title = {{Barcelona OpenMP Tasks Suite: A Set of Benchmarks Targeting the Exploitation of Task Parallelism in OpenMP}},
 booktitle = {Proceedings of the 2009 International Conference on Parallel Processing},
 series = {ICPP '09},
 year = {2009},
 isbn = {978-0-7695-3802-0},
 pages = {124--131},
 numpages = {8},
 url = {http://dx.doi.org/10.1109/ICPP.2009.64},
 doi = {10.1109/ICPP.2009.64},
 acmid = {1679685},
 publisher = {IEEE Computer Society},
 address = {Washington, DC, USA},
 keywords = {OpenMP, benchmark suite, task parallelism},
}

@article{Ayguade09,
 author = {Ayguad{\'e}, Eduard and Copty, Nawal and Duran, Alejandro and Hoeflinger, Jay and Lin, Yuan and Massaioli, Federico and Teruel, Xavier and Unnikrishnan, Priya and Zhang, Guansong},
 title = {{The Design of OpenMP Tasks}},
 journal = {IEEE Trans. Parallel Distrib. Syst.},
 issue_date = {March 2009},
 volume = {20},
 number = {3},
 month = mar,
 year = {2009},
 issn = {1045-9219},
 pages = {404--418},
 numpages = {15},
 url = {http://dx.doi.org/10.1109/TPDS.2008.105},
 doi = {10.1109/TPDS.2008.105},
 acmid = {1512430},
 publisher = {IEEE Press},
 address = {Piscataway, NJ, USA},
 keywords = {Concurrent, Concurrent Programming, Concurrent programming structures, Concurrent, distributed, and parallel languages, Concurrent Programming, Concurrent programming structures, and parallel languages, distributed},
}

@article{Podobas15,
 author = {Podobas, Artur and Brorsson, Mats and Fax{\'e}n, Karl-Filip},
 title = {{A Comparative Performance Study of Common and Popular Task-centric Programming Frameworks}},
 journal = {Concurr. Comput. : Pract. Exper.},
 issue_date = {January 2015},
 volume = {27},
 number = {1},
 month = jan,
 year = {2015},
 issn = {1532-0626},
 pages = {1--28},
 numpages = {28},
 url = {http://dx.doi.org/10.1002/cpe.3186},
 doi = {10.1002/cpe.3186},
 acmid = {2768212},
 publisher = {John Wiley and Sons Ltd.},
 address = {Chichester, UK},
 keywords = {OpenMP, TBB, TILEPro64 NUMA scheduling, cilk, scheduling task performance, wool},
}

@misc{Vinter08,
 title = {{Application porting and tuning for the CELL-BE processor}},
 author = {Brian Vinter and Martin Rehr},
 year = {2008},
 type = {ConferencePaper },
}

@inproceedings{Leiserson97,
 author = {Leiserson, Charles E.},
 title = {{Programming Irregular Parallel Applications in Cilk}},
 booktitle = {Proceedings of the 4th International Symposium on Solving Irregularly Structured Problems in Parallel},
 series = {IRREGULAR '97},
 year = {1997},
 isbn = {3-540-63138-0},
 pages = {61--71},
 numpages = {11},
 url = {http://dl.acm.org/citation.cfm?id=646011.676999},
 acmid = {676999},
 publisher = {Springer-Verlag},
 address = {London, UK, UK},
}

@book{Dahl72,
 editor = {Dahl, O. J. and Dijkstra, E. W. and Hoare, C. A. R.},
 title = {{Structured Programming}},
 year = {1972},
 isbn = {0-12-200550-3},
 source = {Library of Congress Catalog Card Number: 72-84452},
 publisher = {Academic Press Ltd.},
 address = {London, UK, UK},
}

@book{Blair12,
  title={{Parallel Programming with Intel Parallel Studio XE}},
  author={Blair-Chappell, S. and Stokes, A.},
  isbn={9781118234884},
  lccn={2011945570},
  series={ITPro collection},
  url={https://books.google.co.uk/books?id=n3DtR4mQNmwC},
  year={2012},
  publisher={Wiley}
}

@misc{UtsSite,
  title={{The Unbalanced Tree Search Benchmark}},
  howpublished={\url{http://sourceforge.net/p/uts-benchmark/wiki/Home/}},
  note={Accessed: 2015-09-20},
  author={Sadayappan, P. and James Dinan and Gerald Sebin and Chau-Wen Tseng and Jan Prins and Stephen Oliver }
}

@misc{UtsSimpleSite,
  title={{A minimal sequential version of the UTS benchmark}},
  howpublished={\url{https://github.com/jbreitbart/uts-simple}},
  note={Accessed: 2015-09-20},
  author={Jens Breitbart}
}

@misc{Rdtsc,
  title={{Using the RSTSC Instruction for Performance Monitoring}},
  howpublished={\url{https://www.ccsl.carleton.ca/~jamuir/rdtscpm1.pdf}},
  note={Accessed: 2015-09-20},
  author={Intel}
}

@misc{GameTiming,
  title={{Game Timing and Multicore Processors}},
  howpublished={XNA Developer Connection (XDC), Dec 2005},
  note={Accessed: 2015-09-20},
  author={Walbourn, C.}
}

@inproceedings{Cramer12,
    author = {an Mey, Dieter and Schmidl, Dirk and Cramer, Tim and Klemm, Michael},
    booktitle = {Proceedings of the Many-core Applications Research Community (MARC) Symposium at RWTH Aachen University},
    editor = {Lankes, S. and Clauss, C.},
    isbn = {978-3-00-039545-1},
    keywords = {evaluation, openmp, xeonphi},
    month = nov,
    pages = {38--44},
    posted-at = {2013-07-30 13:58:49},
    priority = {2},
    title = {{OpenMP Programming on Intel Xeon Phi Coprocessors: An Early Performance Comparison}},
    url = {http://hgpu.org/?p=8616},
    year = {2012}
}

@INPROCEEDINGS{Lima13,
author={Lima, J.V.F. and Broquedis, F. and Gautier, T. and Raffin, B.},
booktitle={Computer Architecture and High Performance Computing (SBAC-PAD), 2013 25th International Symposium on},
title={{Preliminary Experiments with XKaapi on Intel Xeon Phi Coprocessor}},
year={2013},
pages={105-112},
doi={10.1109/SBAC-PAD.2013.28},
month={Oct},}

@inproceedings{Saule12,
 author = {Saule, Erik and Catalyurek, \"{U}mit V.},
 title = {{An Early Evaluation of the Scalability of Graph Algorithms on the Intel MIC Architecture}},
 booktitle = {Proceedings of the 2012 IEEE 26th International Parallel and Distributed Processing Symposium Workshops \& PhD Forum},
 series = {IPDPSW '12},
 year = {2012},
 isbn = {978-0-7695-4676-6},
 pages = {1629--1639},
 numpages = {11},
 url = {http://dx.doi.org/10.1109/IPDPSW.2012.204},
 doi = {10.1109/IPDPSW.2012.204},
 acmid = {2357656},
 publisher = {IEEE Computer Society},
 address = {Washington, DC, USA},
}

@misc{xeondatasheet,
  title={{Intel Xeon Processor E5-1600/2600/4600: Datasheet Vol.1}},
  howpublished={\url{http://www.intel.com/content/dam/www/public/us/en/documents/datasheets/xeon-e5-1600-2600-vol-1-datasheet.pdf}},
  note={Accessed: 2015-09-27},
  author={Intel}
}

@misc{overviewxeonandxeonphi,
  title={{An Overview of Programming for Intel Xeon processors and Intel Xeon Phi coprocessor}},
  howpublished={\url{https://software.intel.com/en-us/articles/an-overview-of-programming-for-intel-xeon-processors-and-intel-xeon-phi-coprocessors}},
  note={Accessed: 2015-09-27},
  author={Intel}
}

@misc{woolsite,
  title={{Wool - fine grained independent task parallelism in C}},
  howpublished={\url{https://www.sics.se/~kff/wool/}},
  note={Accessed: 2015-09-27},
  author={Karl-Filip Faxen}
}

@inproceedings{Leiserson09,
 author = {Leiserson, Charles E.},
 title = {{The Cilk++ Concurrency Platform}},
 booktitle = {Proceedings of the 46th Annual Design Automation Conference},
 series = {DAC '09},
 year = {2009},
 isbn = {978-1-60558-497-3},
 location = {San Francisco, California},
 pages = {522--527},
 numpages = {6},
 url = {http://doi.acm.org/10.1145/1629911.1630048},
 doi = {10.1145/1629911.1630048},
 acmid = {1630048},
 publisher = {ACM},
 address = {New York, NY, USA}
}

@book{Andrews99,
 author = {Andrews, Greg R},
 title = {{Foundations of Parallel and Distributed Programming}},
 year = {1999},
 isbn = {0201357526},
 edition = {1st},
 publisher = {Addison-Wesley Longman Publishing Co., Inc.},
 address = {Boston, MA, USA}
} 

@misc{pthreads,
  title={{POSIX Threads Programming}},
  howpublished={\url{https://computing.llnl.gov/tutorials/pthreads/}},
  note={Accessed: 2015-09-27},
  author={Lawrence Livermore National Laboratory}
}

@book{Hwang98,
 author = {Hwang, Kai and Xu, Zhiwei},
 title = {Scalable Parallel Computing: Technology,Architecture,Programming},
 year = {1998},
 isbn = {0070317984},
 publisher = {McGraw-Hill, Inc.},
 address = {New York, NY, USA}
} 

@misc{cilkplussite,
  title={{Intel Cilk Plus}},
  howpublished={\url{https://www.cilkplus.org/}},
  note={Accessed: 2015-09-27},
  author={Intel}
}

@misc{openmpsite,
  title={{The OpenMP API Specification for Parallel Programming}},
  howpublished={\url{http://openmp.org/}},
  note={Accessed: 2015-09-27},
  author={OpenMP Architecture Review Board}
}

@book{Hook05,
 author = {Brian Hook},
 title = {{Write Portable Code: An Introduction to Developing Software for Multiple Platforms}},
 year = {2005},
 isbn = {1593270569},
 publisher = {No Starch Press},
 note = {p.116}
} 

@misc{openmpspec,
  title={{OpenMP Application Program Interface Version 3.0}},
  howpublished={\url{http://www.openmp.org/mp-documents/spec30.pdf}},
  note={Accessed: 2015-09-27},
  author={OpenMP Architecture Review Board}
}

@misc{openmpaffinity,
  title={{OpenMP Thread Affinity Control}},
  howpublished={\url{https://software.intel.com/en-us/articles/openmp-thread-affinity-control}},
  note={Accessed: 2015-09-27},
  author={Ronwald W Green (Intel)}
}

@book{Wang14,
 author = {Wang, Endong and Zhang, Qing and Shen, Bo and Zhang, Guangyong and Lu, Xiaowei and Wu, Qing and Wang, Yajuan},
 title = {High-Performance Computing on the Intel Xeon Phi(TM): How to Fully Exploit MIC Architectures},
 year = {2014},
 isbn = {3319064851, 9783319064857},
 publisher = {Springer Publishing Company, Incorporated},
 note = {p.67}
} 

@misc{intel5110p,
  title={{Intel Xeon Phi Coprocessor 5110P}},
  howpublished={\url{http://ark.intel.com/products/71992/Intel-Xeon-Phi-Coprocessor-5110P-8GB-1_053-GHz-60-core}},
  note={Accessed: 2015-09-27},
  author={Intel}
}

@misc{xeonoverview,
  title={{Intel Xeon Processor E5-2600/4600 Product Family Technical Overview}},
  howpublished={\url{https://software.intel.com/en-us/articles/intel-xeon-processor-e5-26004600-product-family-technical-overview#_Toc341794172}},
  note={Accessed: 2015-09-27},
  author={Intel}
}

